% Encoding: UTF-8
---
title: "Sample Document"
output: html_document
bibliography: bibliography.bib
---

@article{wickham2010layered,
  title={A layered grammar of graphics},
  author={Wickham, Hadley},
  journal={Journal of Computational and Graphical Statistics},
  volume={19},
  number={1},
  pages={3--28},
  year={2010},
  publisher={Taylor \& Francis}
}

@article{wichkam2016r,
  title={R for Data Science},
  author={Wichkam, Hadley and Grolemund, Garrett},
  journal={Oâ€™Reilly},
  year={2016}
}
@Book{Bloomfield2018,
  author    = {Bloomfield, Victor A.},
  publisher = {CRC Press},
  title     = {Using {R} for numerical analysis in science and engineering},
  year      = {2018},
}

@Book{Hilbe2013,
  author    = {Hilbe, Joseph M. and Robinson, Andrew P.},
  publisher = {CRC Press},
  title     = {Methods of statistical model estimation},
  year      = {2013},
}

@Book{Davies2016,
  author    = {Davies, Tilman M.},
  publisher = {No Starch Press},
  title     = {The {B}ook of {R}: {A} first course in programming and statistics},
  year      = {2016},
}

@Book{James2013,
  author    = {James, Gareth and Witten, Daniela and Hastie, Trevor and Tibshirani, Robert},
  publisher = {Springer},
  title     = {An introduction to statistical learning},
  year      = {2013},
  volume    = {112},
}

@Comment{jabref-meta: databaseType:bibtex;}
